<?xml version="1.0" encoding="UTF-8"?><collection xmlns="http://www.loc.gov/MARC21/slim"><record><leader>00608nam--2200181-i-4500</leader><controlfield tag="001">000041894</controlfield><controlfield tag="002">20161230</controlfield><controlfield tag="005">20161230201043</controlfield><controlfield tag="008">060222s1000------------r-----000-0-eng-d</controlfield><datafield ind1=" " ind2=" " tag="040"><subfield code="a">IFIN-HH</subfield></datafield><datafield ind1=" " ind2=" " tag="080"><subfield code="a">537</subfield></datafield><datafield ind1="1" ind2=" " tag="100"><subfield code="a">Tozoni, O.V</subfield></datafield><datafield ind1="1" ind2="0" tag="245"><subfield code="a">Mathematical models for the evaluation of electric and magnetic fields</subfield><subfield code="b">Translated by scripta technica ltd</subfield><subfield code="c">O.v. tozoni</subfield></datafield><datafield ind1=" " ind2=" " tag="260"><subfield code="a">London</subfield><subfield code="b">Iliffe Books Ltd</subfield><subfield code="c">1968</subfield></datafield><datafield ind1=" " ind2=" " tag="300"><subfield code="a">328P</subfield></datafield><datafield ind1=" " ind2=" " tag="500"><subfield code="a">Titlul Original In Limba Rusa: Matematiceskie Modeli Dlia Rasceta Electriceskih I Magnitnih Polei</subfield></datafield><datafield ind1=" " ind2=" " tag="852"><subfield code="a">30791</subfield><subfield code="c">537:538</subfield></datafield><datafield ind1=" " ind2=" " tag="CAT"><subfield code="a">Sys</subfield><subfield code="c">20110615</subfield><subfield code="h">151023</subfield></datafield></record></collection>